<?xml version="1.0" encoding="UTF-8"?>
<record>
  <leader>01099nam#a2200277#c#4500</leader>
  <controlfield tag="005">20220531095600.0</controlfield>
  <controlfield tag="007">tu</controlfield>
  <controlfield tag="008">960604|1954####xx#######l####|||#|#####c</controlfield>
  <controlfield tag="003">DE-605</controlfield>
  <controlfield tag="001">990021974470206441</controlfield>
  <datafield tag="016" ind1="7" ind2=" ">
    <subfield code="a">1067969357</subfield>
    <subfield code="2">OCoLC</subfield>
  </datafield>
  <datafield tag="035" ind1=" " ind2=" ">
    <subfield code="a">(DE-605)HT005271161</subfield>
  </datafield>
  <datafield tag="040" ind1=" " ind2=" ">
    <subfield code="c">DE-605</subfield>
    <subfield code="a">361</subfield>
    <subfield code="b">ger</subfield>
    <subfield code="e">rakwb</subfield>
    <subfield code="d">DE-605</subfield>
  </datafield>
  <datafield tag="130" ind1="0" ind2=" ">
    <subfield code="a">Sovetskoe administrativnoe pravo</subfield>
    <subfield code="g">dt.</subfield>
  </datafield>
  <datafield tag="245" ind1="1" ind2="0">
    <subfield code="a">Sowjetisches Verwaltungsrecht</subfield>
    <subfield code="b">allg. Teil</subfield>
    <subfield code="c">Unionsinstitut der Rechtswissenschaften beim Ministerium der Justiz der UdSSR. Hrsg. d. Übers.: Deutsches Institut für Rechtswissenschaft. S. S. Studenikin ...</subfield>
  </datafield>
  <datafield tag="264" ind1=" " ind2="1">
    <subfield code="a">Berlin</subfield>
    <subfield code="b">Dt. Zentralverl.</subfield>
    <subfield code="c">1954</subfield>
  </datafield>
  <datafield tag="300" ind1=" " ind2=" ">
    <subfield code="a">295 S.</subfield>
  </datafield>
  <datafield tag="689" ind1="0" ind2="0">
    <subfield code="a">Sowjetunion</subfield>
    <subfield code="D">g</subfield>
    <subfield code="0">(DE-588)4077548-3</subfield>
  </datafield>
  <datafield tag="689" ind1="0" ind2="1">
    <subfield code="a">Allgemeines Verwaltungsrecht</subfield>
    <subfield code="D">s</subfield>
    <subfield code="0">(DE-588)4117367-3</subfield>
  </datafield>
  <datafield tag="964" ind1="0" ind2="s">
    <subfield code="F">051</subfield>
    <subfield code="A">ml||||||</subfield>
  </datafield>
  <datafield tag="964" ind1="0" ind2="i">
    <subfield code="I">marc-FMT via MAB2MARC</subfield>
    <subfield code="F">FMT</subfield>
    <subfield code="A">BK</subfield>
  </datafield>
  <datafield tag="964" ind1="0" ind2="s">
    <subfield code="F">030</subfield>
    <subfield code="A">a|1uc||||||37</subfield>
  </datafield>
  <datafield tag="964" ind1="0" ind2="s">
    <subfield code="F">050</subfield>
    <subfield code="A">a|||||||||||||</subfield>
  </datafield>
  <datafield tag="035" ind1=" " ind2=" ">
    <subfield code="a">(OCoLC)1067969357</subfield>
  </datafield>
  <datafield tag="700" ind1="1" ind2=" ">
    <subfield code="a">Studenikin, Semen Sevast'Janovič</subfield>
    <subfield code="4">oth</subfield>
  </datafield>
  <datafield tag="710" ind1="2" ind2=" ">
    <subfield code="a">Vsesojuznyj Institut Juridičeskich Nauk</subfield>
    <subfield code="g">Moskau</subfield>
    <subfield code="0">(DE-588)25723-0</subfield>
    <subfield code="4">oth</subfield>
  </datafield>
  <datafield tag="710" ind1="2" ind2=" ">
    <subfield code="a">Deutsches Institut für Rechtswissenschaft</subfield>
    <subfield code="0">(DE-588)37156-7</subfield>
    <subfield code="4">oth</subfield>
  </datafield>
  <datafield tag="MBD" ind1=" " ind2=" ">
    <subfield code="M">49HBZ_NETWORK</subfield>
    <subfield code="i">990021974470206441</subfield>
    <subfield code="n">HBZ Network</subfield>
  </datafield>
  <datafield tag="MNG" ind1=" " ind2=" ">
    <subfield code="c">System</subfield>
    <subfield code="f">HBZ</subfield>
    <subfield code="i">marc21</subfield>
    <subfield code="h">20220531095600.0</subfield>
    <subfield code="k">01</subfield>
    <subfield code="e">false</subfield>
    <subfield code="d">2023-04-02 20:14:20 Europe/Berlin</subfield>
    <subfield code="g">002197447-HBZ01</subfield>
    <subfield code="j">60</subfield>
    <subfield code="a">import</subfield>
    <subfield code="b">2021-04-05 13:28:45 Europe/Berlin</subfield>
  </datafield>
</record>
